@INPROCEEDINGS{atch_icans,
		author =   "F Atchison and H Spitzer and W Wagner" ,
		title  =   "New Cold {D$_2$} Moderator Vessel with Re-entrant Beam Window for {SINQ}",
		booktitle = "16th Meeting of the International Collaboration on Advanced Neutron Sources (ICANS-XVI)", 
		year = "2003",
		address = " Forschungszentrum J{\"u}lich" }

@ARTICLE{mcam,
		title = "CAD-based interface programs for fusion neutron transport simulation",
		journal = "Fusion Engineering and Design",
		volume = "84",
		pages = "1987-1992",
		year = "2009",
		author = "{Y Wu and FDS Team}"
}

@manual{mcnp6,
		address = "Los Alamos, NM",
		author = "Denise B. Pelowitz and John T. Goorley and Michael R. James and Thomas E. Booth and Forrest B. Brown and Jeffrey S. Bull and Lawrence J. Cox and Joe W. Durkee and Jay S. Elson and Michael L. Fensin and R. Arthur Forster and John S. Hendricks and H. Grady Hughes and Russell C. Johns and Brian C. Kiedrowski and Roger L. Martz and Stepan G. Mashnik and Gregg W. McKinney and Richard E. Prael and Jeremy E. Sweezy and Laurie S. Waters and Trevor A. Wilcox and Anthony Zukaitis",
		edition = "Rev. 0",
		month = "May",
		year = 2013,
		organization = "Los Alamos National Laboratory,",
		title = "MCNP6 USER’S MANUAL VERSION 1.0"
}	

@ARTICLE{mcnp_reflectivity,
		title = "Implementation of Neutron Mirror Modeling Capability into MCNPX and Its Demonstration in First Applications",
		journal = "Nuclear Technology",
		volume = "618",
		number = "3",
		pages = "768-772",
		year = "2009",
		month = "December",
		author = "F. X. Gallmeier and M. Wohlmuther and U. Filges and D. Kiselev and G. Muhrer"
}

@manual{mcnp5,
		address = "Los Alamos, NM",
		author = "{X-5 Monte Carlo Team}",
		edition = "Volume I: Overview and Theory",
		month = "April 24",
		year = 2003,
		note = " (Revised 2/1/2008)",
		organization = "Los Alamos National Laboratory,",
		title = "MCNP - A General Monte Carlo N-Particle Transport Code, Version 5"
}

@INPROCEEDINGS{rueegg_icans,
		author =   "Christian R{\"u}egg" ,
		title  =   "Upgrade plans for {SINQ} -- Moderators, Guides, Instruments, and New Science",
		booktitle = "21st Meeting of the International Collaboration on Advanced Neutron Sources (ICANS-XXI)", 
		year = "2014",
		address = "Mito, Japan" }

@ARTICLE{EK_reflectivity,
		title = "Interfacing {MCNPX} and {McStas} for simulation of neutron transport ",
		journal = "Nuclear Instruments and Methods in Physics Research Section A: Accelerators, Spectrometers, Detectors and Associated Equipment ",
		volume = "700",
		number = "",
		pages = "106 - 110",
		year = "2013",
		note = "",
		issn = "0168-9002",
		doi = "http://dx.doi.org/10.1016/j.nima.2012.10.052",
		url = "http://www.sciencedirect.com/science/article/pii/S0168900212011874",
		author = "Esben Klinkby and Bent Lauritzen and Erik Nonb{\o}l and Peter Kj{\ae}r Willendrup and Uwe Filges and Michael Wohlmuther and Franz X. Gallmeier",
}

@TECHREPORT{sab,
		 author = "D Kent Parsons and Jeremy Lloyd Conlin", 
		 title = "Release of Continuous Representation for S($\alpha$,$\beta$) ACE data", 
		 institution = "Los Alamos National Laboratory", 
		 year = "2012",
		 month = "Feburary",
		 key = "LA-UR-12-00800"}

@MANUAL{mcstas,
		title = "User and Programmers Guide to the Neutron Ray-Tracing Package McStas, version 2.1", 
		author = "P. Willendrup and E. Farhi and E. Knudsen and U. Filges and K. Lefmann and J. Stein", 
		organization = "Physics Physics Department, Technical University of Denmark", 
		address = "2800 Kongens Lyngby, Denmark",
		month = "September", 
		year = "2014"}

@ARTICLE{voided,
		title = "Conceptual Proposal for Compound Moderators with Preferential Emission Directions ",
		journal = "Physics Procedia ",
		volume = "60",
		number = "",
		pages = "278 - 293",
		year = "2014",
		note = "3rd International Meeting of the Union for Compact Accelerator-driven Neutron Sources, \{UCANS\} III, 31 July–3 August 2012, Bilbao, Spain \& the 4th International Meeting of the Union for Compact Accelerator-driven Neutron Sources, \{UCANS\} IV, 23-27 September 2013, Sapporo, 		Hokkaido, Japan ",
		issn = "1875-3892",
		doi = "http://dx.doi.org/10.1016/j.phpro.2014.11.038",
		url = "http://www.sciencedirect.com/science/article/pii/S1875389214005859",
		author = "K Thomsen",
}

@ARTICLE{SINQ_guide_values,
		author =  " Peter Allenspach ",
		title =   "The continuous spallation neutron source {SINQ}",
		journal = "Neutron News",
		volume =  "11",
		number =  "3",
		pages =   "15-18",
		year =    "2000",
		doi =     "10.1080/10448630008233742",
		URL =     "http://dx.doi.org/10.1080/10448630008233742",
		eprint =  " http://dx.doi.org/10.1080/10448630008233742"

}

@ARTICLE{intruments_wavelength,
		title = "Bi-spectral moderator for spallation sources optimized for instrument requirements ",
		journal = "Nuclear Instruments and Methods in Physics Research Section A: Accelerators, Spectrometers, Detectors and Associated Equipment ",
		volume = "728",
		number = "",
		pages = "117 - 125",
		year = "2013",
		note = "",
		issn = "0168-9002",
		doi = "http://dx.doi.org/10.1016/j.nima.2013.06.093",
		url = "http://www.sciencedirect.com/science/article/pii/S0168900213009479",
		author = "T Reiss and U Filges and F Gallmeier and V Talanov and M Wohlmuther",
}

@online{icon,
		author = {PSI wesbsite},
		title = {ICON: Imaging with Cold Neutrons},
		year = 2015,
		url = {https://www.psi.ch/sinq/icon/icon},
		urldate = {9/11/2015}
}
